@article{asic1,
    author = {Cho, Hyungmin},
    year = {2018},
    month = {10},
    pages = {1-1},
    title = {ASIC-Resistance of Multi-Hash Proof-of-Work Mechanisms for Blockchain Consensus Protocols},
    volume = {PP},
    journal = {IEEE Access},
    doi = {10.1109/ACCESS.2018.2878895}
}

@article{asic_memory_hard,
    author = {Feng, Zonghao and Luo, Qiong},
    title = {Evaluating memory-hard proof-of-work algorithms on three processors},
    year = {2020},
    issue_date = {February 2020},
    publisher = {VLDB Endowment},
    volume = {13},
    number = {6},
    issn = {2150-8097},
    url = {https://doi.org/10.14778/3380750.3380759},
    doi = {10.14778/3380750.3380759},
    journal = {Proc. VLDB Endow.},
    month = {feb},
    pages = {898–911},
    numpages = {14}
}

@article{keccak_parameters,
  title = {Note on Keccak parameters and usage},
  author = {Keccak Team},
  note  =  {\url{https://keccak.team/files/NoteOnKeccakParametersAndUsage.pdf}},
}

@article{standard2001federal,
  title={Federal information processing standard (fips) Publication 197},
  author={Standard, Advance Encryption},
  journal={National Bureau of Standards, US Department of Commerce, Washington, DC},
  year={2001},
  note= {\url{https://nvlpubs.nist.gov/nistpubs/FIPS/NIST.FIPS.197.pdf}}
}

@article{crypto_note_standard_cryptonight,
  title = {Note on Keccak parameters and usage},
  author = {Keccak Team},
  note  =  {\url{https://keccak.team/files/NoteOnKeccakParametersAndUsage.pdf}},
}

@article{bertoni2011keccak,
  title={The KECCAK reference (2011)},
  author={Bertoni, Guido and Daemen, Joan and Peeters, Micha{\"e}l and Van Assche, Gilles},
  journal={URL http://keccak. noekeon. org},
  year={2011}
}

@article{aumasson2008sha,
  title={Sha-3 proposal blake},
  author={Aumasson, Jean-Philippe and Henzen, Luca and Meier, Willi and Phan, Raphael C-W},
  journal={Submission to NIST},
  volume={92},
  pages={194},
  year={2008}
}

@article{jh,
  title={The hash function JH},
  author={Wu, Hongjun},
  journal={Submission to NIST (round 3)},
  volume={6},
  year={2011}
}

@misc{groestl,
  title={Groestl-256},
  author={Grøstl Team},
  year={2011}
}

@inproceedings{skein,
  title={Skein: A Family of Hash Functions},
  author={Bruce Schneier and Stefan Lucks and Niels Ferguson and Doug Whiting and Mihir Bellare and Tadayoshi Kohno and Jon Callas and Jesse Walker},
  booktitle={Submission to NIST (Round 3)},
  year={2010}
}

